@Manual{R-afex,
  title = {afex: Analysis of Factorial Experiments},
  author = {Henrik Singmann and Ben Bolker and Jake Westfall and Frederik Aust and Mattan S. Ben-Shachar},
  year = {2019},
  note = {R package version 0.25-1},
  url = {https://CRAN.R-project.org/package=afex},
}
@Manual{R-base,
  title = {R: A Language and Environment for Statistical Computing},
  author = {{R Core Team}},
  organization = {R Foundation for Statistical Computing},
  address = {Vienna, Austria},
  year = {2019},
  url = {https://www.R-project.org/},
}
@Manual{R-carData,
  title = {carData: Companion to Applied Regression Data Sets},
  author = {John Fox and Sanford Weisberg and Brad Price},
  year = {2018},
  note = {R package version 3.0-2},
  url = {https://CRAN.R-project.org/package=carData},
}
@Manual{R-dplyr,
  title = {dplyr: A Grammar of Data Manipulation},
  author = {Hadley Wickham and Romain François and Lionel Henry and Kirill Müller},
  year = {2019},
  note = {R package version 0.8.3},
  url = {https://CRAN.R-project.org/package=dplyr},
}
@Article{R-effects_a,
  title = {Visualizing Fit and Lack of Fit in Complex Regression Models with Predictor Effect Plots and Partial Residuals},
  author = {John Fox and Sanford Weisberg},
  journal = {Journal of Statistical Software},
  year = {2018},
  volume = {87},
  number = {9},
  pages = {1--27},
  doi = {10.18637/jss.v087.i09},
  url = {https://www.jstatsoft.org/v087/i09},
}
@Article{R-effects_b,
  title = {Effect Displays in {R} for Generalised Linear Models},
  author = {John Fox},
  journal = {Journal of Statistical Software},
  year = {2003},
  volume = {8},
  number = {15},
  pages = {1--27},
  url = {http://www.jstatsoft.org/v08/i15/},
}
@Article{R-effects_c,
  title = {Effect Displays in {R} for Multinomial and Proportional-Odds Logit Models: Extensions to the {effects} Package},
  author = {John Fox and Jangman Hong},
  journal = {Journal of Statistical Software},
  year = {2009},
  volume = {32},
  number = {1},
  pages = {1--24},
  url = {http://www.jstatsoft.org/v32/i01/},
}
@Manual{R-emmeans,
  title = {emmeans: Estimated Marginal Means, aka Least-Squares Means},
  author = {Russell Lenth},
  year = {2019},
  note = {R package version 1.4.3.01},
  url = {https://CRAN.R-project.org/package=emmeans},
}
@Manual{R-forcats,
  title = {forcats: Tools for Working with Categorical Variables (Factors)},
  author = {Hadley Wickham},
  year = {2019},
  note = {R package version 0.4.0},
  url = {https://CRAN.R-project.org/package=forcats},
}
@Book{R-ggplot2,
  author = {Hadley Wickham},
  title = {ggplot2: Elegant Graphics for Data Analysis},
  publisher = {Springer-Verlag New York},
  year = {2016},
  isbn = {978-3-319-24277-4},
  url = {https://ggplot2.tidyverse.org},
}
@Manual{R-ggpol,
  title = {ggpol: Visualizing Social Science Data with 'ggplot2'},
  author = {Frederik Tiedemann},
  year = {2019},
  note = {R package version 0.0.5},
  url = {https://CRAN.R-project.org/package=ggpol},
}
@Manual{R-here,
  title = {here: A Simpler Way to Find Your Files},
  author = {Kirill Müller},
  year = {2017},
  note = {R package version 0.1},
  url = {https://CRAN.R-project.org/package=here},
}
@Book{R-knitr,
  title = {Dynamic Documents with {R} and knitr},
  author = {Yihui Xie},
  publisher = {Chapman and Hall/CRC},
  address = {Boca Raton, Florida},
  year = {2015},
  edition = {2nd},
  note = {ISBN 978-1498716963},
  url = {https://yihui.name/knitr/},
}
@Article{R-lme4,
  title = {Fitting Linear Mixed-Effects Models Using {lme4}},
  author = {Douglas Bates and Martin M{\"a}chler and Ben Bolker and Steve Walker},
  journal = {Journal of Statistical Software},
  year = {2015},
  volume = {67},
  number = {1},
  pages = {1--48},
  doi = {10.18637/jss.v067.i01},
}
@Manual{R-Matrix,
  title = {Matrix: Sparse and Dense Matrix Classes and Methods},
  author = {Douglas Bates and Martin Maechler},
  year = {2019},
  note = {R package version 1.2-17},
  url = {https://CRAN.R-project.org/package=Matrix},
}
@Manual{R-papaja,
  author = {Frederik Aust and Marius Barth},
  title = {{papaja}: {Create} {APA} manuscripts with {R Markdown}},
  year = {2018},
  note = {R package version 0.1.0.9842},
  url = {https://github.com/crsh/papaja},
}
@Manual{R-purrr,
  title = {purrr: Functional Programming Tools},
  author = {Lionel Henry and Hadley Wickham},
  year = {2019},
  note = {R package version 0.3.3},
  url = {https://CRAN.R-project.org/package=purrr},
}
@Manual{R-qualtRics,
  title = {qualtRics: Download 'Qualtrics' Survey Data},
  author = {Jasper Ginn and Julia Silge},
  year = {2019},
  note = {R package version 3.1.1},
  url = {https://CRAN.R-project.org/package=qualtRics},
}
@Manual{R-readr,
  title = {readr: Read Rectangular Text Data},
  author = {Hadley Wickham and Jim Hester and Romain Francois},
  year = {2018},
  note = {R package version 1.3.1},
  url = {https://CRAN.R-project.org/package=readr},
}
@Manual{R-stringr,
  title = {stringr: Simple, Consistent Wrappers for Common String Operations},
  author = {Hadley Wickham},
  year = {2019},
  note = {R package version 1.4.0},
  url = {https://CRAN.R-project.org/package=stringr},
}
@Manual{R-tibble,
  title = {tibble: Simple Data Frames},
  author = {Kirill Müller and Hadley Wickham},
  year = {2019},
  note = {R package version 2.1.3},
  url = {https://CRAN.R-project.org/package=tibble},
}
@Manual{R-tidyr,
  title = {tidyr: Tidy Messy Data},
  author = {Hadley Wickham and Lionel Henry},
  year = {2019},
  note = {R package version 1.0.0},
  url = {https://CRAN.R-project.org/package=tidyr},
}
@Article{R-tidyverse,
  title = {Welcome to the {tidyverse}},
  author = {Hadley Wickham and Mara Averick and Jennifer Bryan and Winston Chang and Lucy D'Agostino McGowan and Romain François and Garrett Grolemund and Alex Hayes and Lionel Henry and Jim Hester and Max Kuhn and Thomas Lin Pedersen and Evan Miller and Stephan Milton Bache and Kirill Müller and Jeroen Ooms and David Robinson and Dana Paige Seidel and Vitalie Spinu and Kohske Takahashi and Davis Vaughan and Claus Wilke and Kara Woo and Hiroaki Yutani},
  year = {2019},
  journal = {Journal of Open Source Software},
  volume = {4},
  number = {43},
  pages = {1686},
  doi = {10.21105/joss.01686},
}
